4480 5666
989 467 1249 536 „12-

161 676 240 761 ήΕειν
269 694 309 738 ex
338 675 421 760 ήκειν
451 679 553 738 ortum
582 693 656 738 esse.
703 673 781 738 XXI
807 675 900 754 11‚13
929 675 1177 758 συλλογιζόμενος
1209 672 1253 739 ὅτι
1282 675 1384 758 μόνως
1416 674 1453 738 ἂν
1481 673 1577 751 οὕτως
1605 675 1725 740 δύναιτο
1757 676 1905 740 κωλύσειν
1930 677 1987 760 τήν
2012 685 2073 740 τῶν

162 785 289 856 πεζικῶν
325 779 538 865 στρατοπέδων
575 779 714 864 διάβασιν
747 777 796 845 καὶ
827 781 966 846 καθόλου
1000 782 1052 847 τὸν
1085 781 1218 865 πόλεμον
1253 780 1313 848 ἀπὸ
1347 790 1400 867 τής
1426 775 1527 858 Ἀσίας
1558 779 1840 865 ἀποτρίβεσθαι..
1866 833 1888 862 .,
1920 780 2073 866 προέθετο

161 898 337 973 ναυμαχεῖν.
383 887 576 952 Ηυτθοίιιίυε
603 894 686 951 recte
717 888 845 952 κωλύειν
870 891 1013 952 correxit„
1060 889 1170 952 XXII
1195 891 1265 971 lm
1291 885 1493 972 πεπεισμένος
1521 886 1640 974 μηδένα
1670 889 1828 974 τολμήσειν
1856 891 2073 975 κατηγορήσειν

162 995 266 1061 αὐτοῦ.
312 995 446 1077 Polybio
477 995 573 1058 reddo
603 1004 820 1081 κατηγορήσοι.
867 995 1025 1060 XXVIII
1056 997 1125 1077 12‚1
1159 993 1302 1078 Περσέως
1333 993 1518 1078 βουλομένου
1549 997 1627 1081 ήΕειν
1659 994 1734 1079 μετὰ
1766 993 1920 1080 δυνάμεως
1952 993 1991 1072 εἷς
2022 997 2074 1079 τήν

164 1103 329 1168 Θετταλίαν
363 1098 414 1168 καὶ
447 1103 601 1187 λήψεσθαι
632 1101 669 1167 τὰ
702 1101 760 1167 ὅλα
793 1154 800 1168 .
826 1153 834 1169 .
860 1154 867 1168 .
899 1103 987 1175 ἔδοξε
1017 1112 1079 1179 τοῖς
1112 1099 1179 1187 περὶ
1211 1103 1262 1169 τὸν
1285 1095 1431 1187 Ἄρχωνα
1462 1104 1529 1166 κτλ.
1577 1107 1714 1188 Apparet
1745 1104 1825 1188 ήκειν
1858 1113 1887 1167 ot
1917 1104 2076 1188 λήψεσθαι

161 1213 314 1296 genuinas
338 1229 405 1275 esse
428 1211 582 1274 lectiones.

271 1335 343 1400 Uno
366 1337 421 1419 qui
445 1339 540 1398 restat
562 1335 630 1398 loeo
653 1335 828 1397 infinitivus
855 1333 953 1398 futuri
976 1341 1101 1418 propter
1132 1335 1316 1418 particulam
1341 1335 1378 1400 ἄν
1403 1338 1431 1398 ei
1460 1333 1595 1398 additam
1625 1333 1850 1418 improbandus
1872 1339 1925 1398 est„
1972 1333 2074 1418 Serip-

162 1449 230 1506 tum
254 1445 338 1507 enim
361 1448 428 1506 est:

269 1566 359 1650 14,ss
384 1563 502 1650 ταχέως
526 1565 563 1630 ἂν
587 1561 667 1649 οἶμαι
689 1561 804 1641 πάντας
828 1563 937 1642 αὐτοὺς
962 1563 1168 1650 ὁμολογήσειν,
1193 1565 1247 1629 ubi
1272 1562 1456 1650 ὁμολογήσαι
1478 1567 1626 1649 rescripto
1649 1585 1725 1630 sana
1749 1565 1852 1628 evadit
1876 1569 2041 1629 structura.
