4480 5666
248 683 281 748 II
302 685 354 764 8,8
377 683 436 770 ἔφη
459 687 622 768 πειρᾶσθαι
644 683 818 768 φροντίζειν,
840 681 890 750 ἵνα
912 683 1003 770 μηδὲν
1028 683 1161 772 ἀδίκημα
1182 687 1303 773 γίνηται.
1348 687 1412 752 Pro
1434 688 1556 776 γίνηται,
1581 691 1667 774 φοοδ
1689 693 1721 754 in
1746 693 1870 775 optimis
1894 692 2060 758 codicibus

143 797 198 869 cst,
220 788 339 877 γένηται
360 793 394 854 in
411 791 489 856 Urb.
512 809 672 875 perperam
695 792 835 856 traditur.
870 793 919 856 IV
937 795 1008 875 513
1034 791 1218 877 ἐπεβάλοντο
1234 795 1407 878 πρεσβεύειν
1426 847 1432 860 .
1450 847 1456 860 .
1474 845 1481 862 .
1500 797 1682 873 σπεύδοντες
1705 797 1779 882 ὑπὲρ
1800 806 1853 865 τοῦ
1871 797 2063 884 πράγματος,

141 895 189 963 ἵνα
208 950 214 962 .
233 949 239 962 .
257 949 263 962 .
280 900 475 984 ποιήσωνται.
521 898 567 962 VI
591 901 663 982 36,5
688 901 741 984 τήν
766 900 794 964 δ’
818 898 985 985 ἐπιμέλειαν
1008 950 1074 983 ...,
1096 899 1145 968 ίνα
1169 903 1330 986 σύμφωνον
1353 903 1375 986 ῃ
1398 906 1635 989 ...ταξίαρχοι
1660 905 1733 972 καθ’
1756 903 1870 991 ήμέραν
1895 916 2061 975 ποιοῦνται.

22 1037 27 1071 :
143 1007 271 1089 X20,4
292 1003 342 1072 Iac
364 1008 403 1092 μή
429 1006 463 1074 δέ
485 1031 511 1072 τι
532 1017 591 1072 τῶν
615 1008 694 1092 πρὸς
716 1005 770 1081 τὰς
792 1006 918 1092 μελέτας
942 1005 1044 1074 ὅπλων
1069 1008 1203 1093 ἐλλείπῃ,
1230 1011 1283 1093 τήν
1311 1010 1453 1096 πλείστην
1483 1011 1612 1078 ἐποιεῖτο
1639 1013 1784 1098 σπουδήν.
1830 1013 1958 1096 Χ47,3
1981 1039 2086 1098 πρυ-·

142 1119 269 1201 μελετᾶν
293 1119 339 1180 δεῖ
361 1117 431 1190 τούς
452 1116 645 1199 χειρίζοντας,
667 1111 716 1180 ἵνα
740 1167 746 1178 .
771 1166 777 1179 .
801 1165 808 1180 .
833 1116 979 1182 δύνωνται
1003 1119 1160 1200 διασαφεῖν
1185 1113 1336 1202 ἀλλήλοις.
1382 1118 1432 1182 XI
1457 1122 1507 1201 9,4
1530 1120 1589 1207 ἔφη
1614 1122 1675 1185 δεῖν
1701 1170 1707 1184 .
1731 1169 1738 1184 .
1763 1169 1769 1183 .
1794 1127 1927 1202 σκοπεῖν,
1957 1119 2064 1198 ὅπως

14 1267 29 1274 --
142 1222 287 1308 ἀραρυῖαι
317 1274 323 1286 .
348 1271 385 1286 ..
417 1220 593 1306 ὑπάρχωσιν
626 1220 713 1288 αὗται
745 1226 869 1307 μᾶλλον.
914 1224 965 1288 XI
996 1226 1068 1306 273
1101 1228 1155 1305 (sc.
1185 1226 1390 1309 παρήγγελτο)
1426 1226 1599 1310 φροντίζειν,
1632 1223 1681 1292 ἵνα
1714 1225 1818 1312 μηδείς
1851 1227 2063 1315 ἐκπορεύηται.

19 1375 31 1414 ·.
143 1331 208 1395 XII
225 1334 297 1409 2:2‚2
322 1327 395 1416 φησί
416 1327 473 1414 γὰρ
493 1331 544 1396 τὸν
556 1324 756 1414 Ἀλέξανδρον
781 1329 960 1408 σπουδάζειν
984 1330 1063 1398 κατὰ
1085 1333 1138 1417 τήν
1161 1330 1251 1406 τάξιν,
1275 1330 1323 1399 ἵνα
1345 1331 1425 1398 κατὰ
1447 1334 1499 1400 τὸν
1517 1337 1644 1419 Δαρεῖον
1665 1331 1756 1400 αὑτὸν
1774 1335 1936 1422 ποιήσηται
1952 1334 2061 1422 μάχην.

10 1483 26 1522 3
142 1437 207 1501 XV
231 1441 282 1520 2,5
305 1438 422 1521 ἔφασαν
446 1441 507 1503 δεῖν
530 1435 677 1522 πρόνοιαν
700 1441 888 1524 ποιήσασδαι
910 1449 970 1504 τῶν
994 1444 1198 1525 πρεσβευτῶν,
1225 1437 1274 1505 ἵνα
1300 1442 1363 1525 μετ’
1388 1440 1555 1524 ἀσφαλείας
1578 1440 1822 1526 ἀνακομισθῶσιν
1846 1439 1888 1517 εἰς
1910 1443 1962 1526 τήν
1986 1440 2062 1509 ἰδίαν

16 1593 29 1631 ¹.
143 1547 350 1630 παρεμβολήν.
396 1545 510 1610 XVIII
534 1547 607 1630 36‚4
629 1544 714 1630 ἠξίου
737 1544 794 1630 γὰρ
819 1547 963 1629 πρόνοιαν
989 1545 1082 1614 αὑτοῦ
1105 1549 1293 1633 ποιήσασθαι
1316 1545 1438 1630 πάντας,
1461 1545 1510 1614 ἵνα
1531 1549 1572 1634 μή
1592 1600 1598 1614 .
1617 1601 1623 1612 .
1644 1600 1650 1612 .
1670 1545 1711 1624 εἷς
1734 1549 1847 1615 ἐκεῖνον
1868 1547 2063 1638 ἀπερείδηται

142 1654 195 1736 τήν
221 1651 321 1738 ὀργήν.
368 1653 472 1718 Lectio
497 1651 676 1738 ἀπερείδητε
699 1654 815 1718 codicis
837 1654 924 1721 Mon.
946 1657 1010 1719 185
1034 1661 1139 1739 aperte
1161 1655 1238 1720 falsa
1260 1661 1314 1720 est.
1361 1654 1503 1720 XXVIII
1527 1657 1599 1740 10,5
1624 1657 1677 1740 (sc.
1701 1656 1884 1738 ἐνετείλατο)
1909 1654 2000 1724 αὐτὸν
2028 1657 2063 1723 δὲ

142 1762 315 1844 φροντίζειν,
345 1757 394 1825 ἵνα
418 1812 424 1824 .
450 1811 455 1824 .
480 1799 492 1824 .
511 1758 626 1844 ἀγορὰς
653 1761 721 1844 ἔχῃ.
768 1761 862 1825 XXX
888 1763 960 1842 9,ῖὸ
983 1762 1111 1827 Λευκίου
1140 1758 1312 1847 γράψαντος
1335 1813 1340 1826 .
1366 1812 1373 1826 .
1397 1814 1403 1826 .
1428 1763 1592 1846 φροντίζειν
1616 1814 1622 1827 .
1647 1814 1654 1826 .
1678 1814 1699 1844 .,
1721 1760 1771 1828 ίνα
1801 1765 1863 1848 μετ’
1893 1762 2062 1847 ἀσφαλείας

142 1865 183 1943 εἰς
209 1870 261 1952 τήν
279 1862 437 1952 Ῥωμαίων
466 1867 660 1954 ἀνααομισδή
682 1919 689 1932 .
713 1919 719 1931 .
745 1919 762 1948 .,
785 1866 895 1955 συνέβη
924 1873 987 1934 κτλ.
1034 1868 1169 1933 XXXI
1192 1872 1243 1952 8,4
1271 1869 1323 1953 τήν
1352 1869 1386 1934 δὲ
1410 1871 1576 1957 σύγκλητον
1601 1869 1676 1944 ἀξιοῖ
1699 1869 1843 1954 πρόνοιαν
1873 1875 2062 1958 ποιήσασθαι

13 1945 26 2061 ⁵,
142 1987 200 2040 τῶν
236 1973 420 2060 ἀνθρώπων,
452 1973 501 2041 ἵνα
535 1977 664 2060 κρίσεως
697 1977 811 2060 τύχωσι
844 1973 895 2042 καί
928 1977 967 2061 μή
1001 1981 1252 2061 ιιαταφθαρῶσιν.
1298 1977 1498 2041 XXXVIII
1530 1980 1602 2060 8,ss
1638 1982 1691 2059 (sc.
1728 1976 1948 2066 ἀπεκρίθησαν)
1974 1977 2062 2045 αὑτοὶ

12 2079 27 2173 J
142 2083 176 2149 δὲ
202 2134 209 2148 .
233 2135 239 2148 .
263 2134 269 2148 .
293 2087 586 2168 <cpulari-21»,
608 2081 657 2148 ira
680 2081 799 2169 γένηται
822 2081 1039 2171 ὡμολογημένη
1063 2085 1147 2160 λύσις
1170 2092 1223 2150 τοῦ
1247 2081 1392 2168 πολέμου.

250 2201 323 2265 Huc
342 2201 493 2264 accedunt
509 2220 567 2264 sex
584 2202 736 2285 exempla,
760 2219 841 2284 quae
864 2200 1007 2265 codicum
1031 2220 1186 2266 consensu
1209 2200 1322 2264 tradita
1344 2221 1408 2264 non
1431 2208 1513 2266 sunt.
1546 2201 1625 2266 Cum
1648 2208 1753 2266 autom
1776 2202 1926 2267 lectiones
1950 2205 2060 2286 optimi

142 2309 214 2372 libri
237 2307 383 2372 omnibus
405 2308 453 2371 his
480 2309 556 2372 locis
580 2327 670 2372 veras
693 2327 760 2372 esso
790 2310 890 2392 primo
914 2307 1025 2372 obtutu
1049 2309 1173 2392 ltquoat
1201 2327 1242 2372 ne
1264 2308 1377 2391 longus
1397 2311 1466 2391 sim,
1494 2309 1695 2374 librariorum
1723 2328 1843 2374 errores
1873 2311 2059 2394 simpliciter

142 2435 330 2500 proponam:

250 2531 276 2596 V
303 2533 398 2613 104,9
422 2535 473 2611 (so.
497 2529 676 2614 παρεκάλει)
701 2528 879 2606 σπουδάζειν
904 2580 911 2594 .
936 2581 941 2594 .
967 2581 987 2612 .,
1014 2527 1062 2596 ἵνα
1093 2531 1150 2614 ἔχῃ
1178 2530 1230 2613 τήν
1259 2530 1405 2603 ἐξουσίαν.
1450 2531 1525 2596 Urb.
1554 2532 1642 2614 ἔχειν.
1677 2531 1756 2596 VIII
1781 2533 1830 2614 2,6
1856 2531 2056 2616 belrepaire

139 2639 185 2724 εἴη
210 2643 305 2714 πλοῦς
328 2639 362 2704 τὸ
386 2648 445 2702 τῶν
469 2636 548 2703 κατὰ
571 2637 661 2722 λύγον
686 2639 859 2722 φροντίζειν,
882 2635 930 2703 ἵνα
953 2688 958 2701 .
978 2690 984 2702 .
1005 2689 1011 2701 .
1036 2639 1075 2722 μή
1101 2636 1356 2723 διαμαρτάνωμεν.
1388 2639 1464 2704 Urb.
1488 2635 1735 2724 διαμαρτάνομεν.
1767 2639 1806 2702 X
1832 2641 1902 2723 rip
1929 2642 1974 2704 δεῖ
1999 2690 2005 2702 .
2026 2688 2058 2702 ..

143 2746 320 2824 σπουδάζειν
345 2798 351 2810 .
376 2798 382 2810 .
407 2797 424 2828 .,
444 2743 493 2811 ἵνα
517 2797 522 2808 .
548 2797 554 2810 .
579 2796 584 2809 .
610 2744 733 2830 ὑπάρχῃ
757 2745 843 2830 παρὰ
870 2753 932 2822 τοῖς
959 2749 1084 2821 πολλοῖς
1112 2745 1202 2820 ἐλπίς.
1250 2744 1326 2810 Urb.
1350 2743 1486 2830 ὑπάρχει.
1532 2746 1571 2808 X
1596 2748 1689 2830 18,11
1716 2751 1767 2825 (sc.
1791 2746 1863 2832 ἔφη)
1888 2743 1980 2821 αὐτὸς
2001 2743 2058 2830 γὰρ

142 2852 265 2938 ἑτέρους
288 2855 454 2938 ἐπιστήσειν
479 2855 548 2929 τοὺς
572 2862 795 2937 φροντιοῦντας,
818 2851 866 2920 ίνα
888 2853 981 2940 μηδὲν
1005 2851 1099 2929 αὑτάς
1122 2853 1255 2938 ἐλλείπῃ.
1288 2853 1363 2918 Urb.
1387 2852 1523 2920 ἐλλείπει.
1559 2853 1616 2917 ΧΙ
1634 2855 1682 2936 9,5
1706 2854 1765 2940 ἔφη
1789 2851 1987 2938 περιβλέπειν,
2010 2849 2059 2918 ἵνα

143 2971 195 3048 της
217 2963 372 3045 χλαμύδος
394 2958 444 3026 καί
466 2971 520 3026 τοῦ
543 2971 670 3046 χιτῶνος
692 2958 908 3047 καθαριιίιτερα
931 2963 1019 3028 ταῦθ’
1044 2958 1175 3046 ὑπάρχῃ.
1224 2961 1299 3025 Urb.
1324 2958 1460 3045 ὑπάρχει,
1499 2960 1629 3025 XXIII
1653 2962 1725 3041 9,ίῖ
1749 2966 1804 3036 (sc.
1828 2958 2057 3043 παρεκάλεσαν)

141 3075 360 3156 προνοηθῆναι,
382 3066 431 3134 ἵνα
454 3066 556 3156 μηδείς
580 3120 586 3133 .
611 3120 617 3132 .
642 3120 648 3132 .
674 3065 821 3154 είςαγάγῃ.
868 3069 951 3134 Mon.
976 3073 1040 3133 185
1064 3065 1244 3152 είςαγαγεῖν;
1273 3067 1406 3132 Ursinus
1429 3071 1575 3132 romoalt.

248 3191 269 3249 4
305 3185 410 3251 Verba
441 3186 566 3270 petendi
594 3188 644 3251 vel
672 3187 846 3272 imperandi
874 3186 960 3271 apud
989 3188 1121 3272 optimos
1151 3187 1326 3270 graecitatis
1353 3191 1495 3249 auctores
1522 3185 1715 3248 infinitivum
1747 3181 1923 3246 desiderare
1946 3184 2057 3264 solent,

140 3313 213 3358 cum
237 3297 390 3358 sententiar
412 3294 515 3358 finalis
538 3291 633 3374 (ὅπως
657 3314 682 3358 o.
706 3296 796 3374 coni.)
819 3313 972 3378 perquam
1000 3314 1069 3358 raro
1093 3296 1131 3357 iis
1159 3293 1298 3357 subiecta
1321 3295 1369 3356 sit.
1414 3291 1569 3376 Exempla
1599 3297 1704 3356 tamen
1726 3309 1790 3354 non
1815 3289 1944 3354 desunt:
1978 3289 2055 3357 Her.

140 3399 195 3462 lX
230 3403 291 3464 lli
325 3397 448 3468 ἐδέοντο
483 3411 541 3465 τῶν
573 3411 760 3486 στρατηγῶν,
794 3397 874 3477 ὅκως
908 3397 1050 3483 ἀπάγοιέν
1084 3423 1180 3483 σφεας
1211 3397 1317 3464 ὀπίσω.
1363 3399 1441 3464 Plat.
1464 3397 1579 3462 Phaed.
1612 3396 1688 3462 59E
1712 3393 1975 3480 παραγγέλλουσιν
2005 3403 2057 3474 (sc.

141 3505 313 3592 Σωκράτει),
337 3505 420 3584 ὅπως
445 3507 480 3572 ἀν
505 3509 580 3592 τῃδε
607 3509 647 3592 τῃ”
670 3506 767 3602 ήμέρᾳ
794 3510 969 3593 τελευτήσῃ.
1015 3509 1142 3592 Antiph.
1166 3507 1182 3570 I
1207 3509 1247 3570 12
1278 3505 1351 3590 ὑμᾶς
1374 3505 1426 3590 μέν
1449 3508 1571 3591 ζητοῦσι
1598 3508 1819 3588 παραιτεῖσθαι,
1847 3500 1932 3582 ὅπως
1957 3501 2056 3571 αὑτῶν

141 3617 397 3703 καταψηφίσησθε
412 3621 444 3698 ἱ’).
493 3617 531 3679 ln
561 3616 686 3698 Polybii
719 3617 855 3680 historiis
886 3623 1003 3700 septem
1035 3615 1215 3679 huiusmodi
1246 3614 1391 3696 exempla
1420 3614 1604 3697 conquisivi,
1638 3613 1672 3675 in
1703 3611 1884 3694 quibus-
1910 3613 1995 3696 quod
2026 3616 2057 3676 in

142 3721 251 3786 Latino
274 3741 416 3788 sermone
439 3729 563 3806 sempor
583 3723 648 3787 fere
670 3723 705 3787 tit
732 3759 771 3771 -
795 3743 836 3786 ex
859 3723 963 3786 verbis
991 3721 1118 3807 petendi
1141 3723 1190 3785 vel
1214 3720 1387 3805 imperandi
1416 3721 1635 3784 coniunctione
1655 3719 1758 3782 finalis
1785 3719 1926 3802 pendeat
1975 3718 2056 3784 Sunt

142 3837 246 3894 autem
270 3832 301 3894 hi
324 3831 399 3894 loci:

248 3947 295 4012 IV
326 3948 397 4031 26,3
429 3948 547 4032 ’έπεμψε
579 3945 612 4011 δέ
644 3943 697 4010 καὶ
727 3957 788 4024 τοῖς
815 3943 964 4022 Αἰτωλοῖς
998 3944 1165 4028 ἐπιστολήν
1196 3941 1212 4007 ὁ
1242 3943 1407 4019 Φίλιππος,
1441 3945 1615 4025 διασαφῶν,
1646 3943 1698 4007 ἵνα
1723 3993 1730 4008 .
1756 3994 1764 4010 .
1789 3992 1797 4008 .
1822 3951 1971 4007 ποιῶνται
1999 3943 2056 4026 τήν

139 4055 340 4140 διεξαγωγήν.
386 4055 415 4116 V
447 4057 518 4138 92,2
551 4051 792 4138 διαπεμψάμενοι
827 4055 906 4140 πρὸς
938 4051 1105 4138 ἀλλήλους,
1139 4053 1191 4116 ίνα
1222 4059 1287 4126 ταῖς
1320 4046 1427 4125 αὑταῖς
1461 4049 1586 4134 ήμέραις
1619 4050 1814 4135 ποιήσωνται
1848 4050 1906 4133 τήν
1939 4049 2057 4132 ἔξοδον,

141 4173 287 4251 προῆγον.
322 4162 447 4228 Latine:
471 4168 637 4246 postquam
661 4162 743 4226 ultro
767 4168 797 4226 et
816 4165 893 4226 citro
916 4163 1025 4245 legatis
1047 4161 1151 4223 missis
1169 4163 1368 4240 monuerunt,
1391 4161 1427 4220 nt
1450 4165 1506 4220 cet.
1542 4155 1589 4220 VI
1606 4159 1679 4239 35,8
1704 4160 1750 4222 δεῖ
1772 4154 1829 4240 γὰρ
1854 4157 1907 4221 τὸν
1931 4169 2056 4242 πρῶτον

140 4265 270 4354 ἰλάρχην
297 4322 305 4338 .
331 4319 338 4334 .
364 4322 371 4336 .
397 4270 601 4354 παραγγεῖλαι
618 4265 700 4352 πρωὶ
722 4265 924 4353 παράγγελμα
947 4275 1075 4348 τοιοῦτο,
1098 4268 1149 4331 ’ίνα
1173 4265 1330 4349 τέτταρσιν
1355 4261 1442 4340 οὑτος
1466 4263 1616 4348 ἐμφανίσῃ
1640 4263 1816 4340 νεανίσκοις
1839 4263 1906 4329 κτλ.
1939 4264 2057 4330 XVIII

142 4381 192 4459 λδ
223 4387 284 4442 τῶν
318 4378 423 4444 ἄλλοιν
449 4371 616 4461 Ἑλλήνων
648 4376 954 4461 διαπρεσβευομένων
988 4375 1068 4459 πρὸς
1102 4373 1175 4457 ὑμᾶς
1204 4376 1237 4456 (ί.
1266 4392 1291 4436 o.
1314 4391 1370 4456 per
1400 4372 1517 4454 legatos
1548 4374 1761 4454 monuerunt),
1792 4373 1844 4435 ίνα
1875 4370 1929 4435 τὸν
1962 4371 2056 4454 νέμον

140 4487 247 4569 ἀρητε,
272 4536 279 4550 .
306 4536 312 4551 .
339 4537 345 4551 .
370 4485 465 4568 ἔφατε
490 4484 558 4549 κτλ.
607 4483 682 4548 Urb.
707 4486 830 4568 ἄρηται,
853 4489 979 4568 propter
1001 4483 1113 4546 falsam
1139 4479 1227 4544 verbi
1249 4499 1414 4564 porsonam
1437 4477 1639 4541 reiciendum.
1673 4477 1794 4540 XVIII
1817 4479 1913 4558 28,10
1938 4479 2055 4562 ταύτην

139 4591 173 4656 δὲ
203 4593 363 4676 συνέβαινε
390 4593 546 4675 γίγνεσθαι
576 4588 710 4674 ἀπορίαν
741 4590 773 4655 ἐν
801 4600 843 4676 τῷ
873 4589 1021 4678 συνεδρίῳ
1050 4586 1100 4654 διὰ
1127 4589 1161 4654 τὸ
1188 4643 1194 4655 .
1221 4641 1228 4654 .
1255 4641 1261 4654 .
1287 4582 1357 4669 περὶ
1379 4583 1442 4668 (δὲ)
1465 4583 1623 4660 Χαλκίδος
1649 4639 1655 4652 .
1682 4638 1689 4653 .
1716 4639 1722 4652 .
1748 4584 1920 4669 ἐπιτροπήν
1953 4582 2056 4662 αὑτοῖς

138 4700 288 4765 δεδόσθαι
313 4756 319 4768 ,
346 4756 352 4768 ,
380 4755 397 4784 .,
422 4703 474 4765 ίνα
499 4755 505 4767 .
533 4754 539 4767 .
566 4754 572 4766 ,
598 4699 815 4782 βουλεύωνται.
862 4699 900 4762 In
931 4697 1037 4762 codIoa
1064 4696 1147 4760 Mon.
1179 4697 1242 4759 185
1271 4695 1458 4758 indicativus
1493 4692 1691 4776 βουλεύονται
1722 4711 1884 4776 perperam
1912 4691 2054 4759 traditur.

139 4809 296 4872 XXVIII
311 4811 383 4891 10,4
401 4807 592 4873 ἐνετείλαντο
616 4816 658 4890 τῷ
683 4805 823 4893 Πολυβίῳ
849 4861 855 4874 ,
881 4861 888 4873 ,
915 4860 922 4872 .
946 4805 1015 4882 τοὺς
1038 4802 1091 4888 μὲν
1117 4799 1307 4887 πρεσβευτὰς
1331 4801 1362 4874 ἐξ
1380 4799 1473 4888 αὑτῆς
1497 4799 1627 4884 πέμπειν
1652 4800 1920 4884 διασαφήσοντας,
1942 4801 1994 4864 ίνα
2011 4801 2053 4883 μή

140 4921 357 5001 καδυστερῶσι
380 4926 441 4980 τῶν
466 4925 596 4999 καιρῶν,
630 4913 764 4978 XXXI
785 4917 855 4994 15,ss
873 4915 928 4993 (sc.
952 4913 1091 4996 ἔπεμπον
1116 4905 1318 4994 πρεσβευτάς)
1342 4905 1560 4994 αἰτησομένους
1583 4907 1642 4991 τήν
1667 4907 1852 4992 σύγκλητον,
1875 4909 1928 4971 ίνα
1952 4903 2057 4984 αὐτοῖς

139 5023 220 5106 ἔχειν
244 5024 310 5108 ἒΕή,

246 5259 266 5324 ¹)
292 5255 453 5309 Hultsobins
472 5255 594 5324 supplot;
614 5253 752 5308 Reislnus:
780 5235 1033 5322 ἐπιμελήσεσθαι.

245 5349 266 5415 ²)
293 5345 352 5400 Alta
370 5344 495 5413 exempla
512 5345 633 5399 invenies
653 5343 724 5412 apud
742 5343 927 5412 Καείιιιοτιιιιι,
946 5356 1058 5411 gramm.
1079 5343 1094 5414 β
1112 5339 1173 5408 473,
1193 5339 1210 5391 2
1229 5337 1289 5391 adn.
1309 5337 1334 5392 6.
