4480 5666
965 434 1229 504 „11-

140 645 334 730 ποιήσεσθαι.
356 642 504 707 -Idem
527 642 592 707 lere
614 649 709 726 atque
733 639 961 727 ὑπολαμβάνειν
984 641 1178 726 significatur
1195 640 1290 704 verbo
1310 637 1515 724 στοχάζεσθαι
1537 640 1701 705 hocloco:
1725 639 1757 703 Π
1775 641 1847 722 obp
1873 637 2060 724 ἐστρατοπέ-

142 753 210 818 δευε
234 805 240 820 .
267 805 273 818 .
299 805 306 819 .
332 749 559 834 στοχαζόμενος
583 748 621 814 ἐκ
647 759 709 814 τῶν
743 747 827 814 κατὰ
860 747 953 832 λόγον
988 748 1086 834 ταὺτη
1118 747 1316 834 ποιήσασθαι
1340 748 1419 824 τοὺς
1453 747 1653 826 ὑπεναντίους
1686 748 1745 832 τήν
1780 742 1931 833 εἰςβολήν.
1984 747 2058 835 Japa

142 859 315 942 ScalIgerus
345 856 545 943 ποιήσεσθαι,
573 876 646 921 oum
674 855 860 941 significatio
887 857 985 920 futuri
1008 855 1192 940 postuletur,
1219 874 1277 918 suo
1304 857 1372 919 iure
1395 856 1526 939 scripsit
1552 891 1589 902 —
1616 855 1681 940 Ipsi
1707 856 1804 920 verbo
1833 856 1956 921 dicendi
1984 857 2059 922 sub-

141 967 239 1030 iectus
265 964 441 1029 iufiuItirus
469 966 574 1029 sensti
603 965 651 1028 his
678 965 755 1028 locis
783 964 862 1028 Ialso
890 963 1023 1028 traditus
1050 969 1117 1028 est:
1149 960 1198 1025 lII
1222 963 1317 1043 culo
1345 981 1401 1046 pro
1428 961 1490 1046 ἔφη
1515 1011 1522 1025 .
1546 1010 1553 1025 .
1578 1011 1585 1025 .
1609 962 1807 1049 ποιήσασθαι
1834 966 1897 1027 iam
1919 963 2057 1029 Ursinus

142 1072 204 1157 ἔφη
227 1071 428 1158 ποιήσεσθαι,
458 1091 530 1136 cum
554 1071 594 1135 de
616 1091 650 1136 re
670 1071 777 1136 futura
805 1077 924 1155 agatur,
955 1069 1090 1152 Polybio
1117 1069 1273 1148 reddidit3
1304 1069 1354 1133 XI
1377 1071 1460 1152 utu,
1490 1069 1544 1133 ubi
1572 1069 1681 1134 eadem
1709 1070 1805 1134 verbo
1833 1072 1947 1155 scripto
1975 1078 2060 1152 sunt,

145 1179 317 1243 infinitivus
338 1180 435 1243 iutun'
460 1176 637 1242 Caseuboui
660 1179 857 1242 coniecturae
881 1176 1020 1242 debetur.
1046 1213 1087 1224 -

251 1303 373 1389 Septem
407 1303 467 1367 loci
501 1304 544 1368 itu
578 1304 747 1387 comparati
782 1311 857 1367 suut
892 1309 927 1366 ut
958 1303 996 1368 ἀν
1025 1301 1177 1386 particula
1207 1301 1361 1365 infinItivo
1396 1303 1501 1365 aoristi
1533 1301 1638 1366 addita
1672 1301 1930 1386 significationem
1962 1303 2061 1368 futuri

147 1413 300 1495 temporis,
323 1430 404 1496 quae
427 1411 580 1475 sententio
602 1409 787 1494 postulatur,
810 1429 946 1474 revoces.
993 1407 1037 1472 Hi
1061 1413 1154 1473 sunt:

249 1535 281 1600 II
312 1537 384 1618 45,1
417 1533 600 1612 ἐλπίσαντες
631 1533 875 1600 ιιαταόιελέσθαι
905 1531 959 1610 τάς
990 1532 1097 1610 πόλεις
1122 1586 1128 1600 .
1154 1587 1162 1601 .
1189 1586 1195 1600 .
1220 1529 1444 1617 ἀπετόλμησαν
1475 1533 1544 1599 ιιτλ.
1589 1533 1771 1618 Lugendum
1802 1536 1922 1599 censio:
1954 1557 2059 1599 κατα-

148 1640 278 1706 διελέσθ’
306 1645 355 1711 ἀν.
409 1642 441 1706 Π
472 1643 546 1725 45,4
578 1641 736 1726 ὑπέλαβον
768 1696 809 1710 ..
836 1695 843 1710 .
873 1633 992 1725 ῥαδίως
1023 1639 1313 1724 καταγωνίσασθαι.
1360 1638 1479 1704 Verum
1515 1647 1562 1704 est
1596 1641 1679 1724 quod
1709 1641 1873 1707 Beklrerus
1906 1643 2057 1707 coniecit:

145 1740 260 1832 ῥαδίως
287 1749 324 1816 ἀν
351 1772 383 1816 κ.
429 1748 473 1813 IV
500 1749 572 1831 36,2
601 1748 703 1833 μόνως
732 1745 790 1834 γάρ
818 1747 925 1825 οὑτως,
955 1748 1027 1832 ἔφη,
1056 1747 1146 1836 λήξαι
1175 1747 1242 1814 κτλ.
1289 1745 1377 1810 Idem
1405 1749 1455 1811 vir
1482 1747 1593 1812 doctus
1619 1747 1679 1812 loci
1707 1751 1892 1814 senteutiam
1914 1756 2060 1832 spectans

141 1857 285 1940 scripsit:
315 1857 418 1941 μόνως
438 1853 497 1941 γὰρ
519 1855 556 1922 ἀν
580 1853 678 1933 οὑτως
706 1856 775 1922 ιιτλ.
824 1854 869 1920 VI
893 1857 966 1936 263
990 1853 1247 1940 παραγενομένης
1276 1851 1311 1919 δὲ
1339 1861 1392 1940 τῆς
1414 1853 1541 1939 ἡμέρας,
1568 1849 1609 1932 είς
1631 1851 1670 1940 ήν
1698 1854 1826 1940 ὤμοσαν
1854 1853 2062 1943 ἀθροισθῆναι

137 1959 257 2040 πάντες
283 2019 289 2032 .
315 2013 324 2031 .
346 2014 358 2042 ,.
382 1963 605 2047 παραγίνονται
633 1964 702 2029 κτλ.
747 1962 865 2028 Naberi
894 1962 1104 2028 emendationi
1131 1963 1291 2041 assentior,
1322 1962 1375 2046 qui
1405 1956 1446 2038 εἰς
1472 1959 1511 2046 ἢν
1538 1961 1576 2027 ἀν
1601 1961 1728 2047 ὤμοσαν
1757 1959 1962 2049 ἀθροισθῆναι
1991 1964 2060 2032 κτλ.

142 2069 257 2135 idonea
279 2073 457 2135 conlectura
479 2079 640 2136 assecutus
663 2077 718 2136 est.
750 2069 815 2134 XV
838 2073 911 2150 242
937 2066 1044 2135 Θάσιοι
1067 2064 1155 2135 εἷπον
1176 2116 1184 2133 .
1203 2116 1211 2132 .
1230 2117 1238 2133 .
1259 2071 1458 2153 παραδοῦναι
1481 2069 1540 2154 τήν
1563 2069 1667 2146 πόλιν,
1691 2065 1716 2135 εἰ
1739 2069 1926 2156 διατηρήσοι
1950 2068 2062 2150 αὑτοὺς

148 2174 368 2264 ἀφρουρήτους.
414 2178 522 2244 Sermo
553 2187 600 2243 est
630 2178 670 2242 de
699 2178 805 2242 lutura
834 2178 923 2242 urbis
954 2177 1127 2256 deditione;
1162 2173 1232 2261 τάχ’
1263 2177 1301 2242 ἀν
1333 2178 1532 2262 παραδοῦναι
1562 2179 1659 2260 igitur
1688 2180 1793 2242 nescio
1827 2199 1866 2243 an
1899 2180 1959 2243 hoc
1992 2181 2062 2245 loco

148 2287 286 2350 conicere
307 2285 383 2348 mibi
410 2285 508 2350 liceat
556 2288 694 2370 Apparet
716 2291 821 2350 autem
845 2283 984 2366 Suidam‚
1015 2284 1099 2368 opud
1127 2303 1221 2368 quem
1251 2285 1308 2348 boc
1334 2285 1544 2368 fragmentum
1568 2304 1591 2348 s.
1616 2305 1645 2349 v.
1668 2282 1882 2372 ἀφρουρήτους
1911 2289 2061 2352 traditum

147 2397 201 2472 est,
228 2391 350 2474 Polybii
374 2392 471 2457 verba
497 2413 610 2476 parum
638 2392 803 2477 diligenter
831 2393 1089 2474 conscripsisse,
1119 2397 1155 2455 ut
1176 2393 1347 2476 genuinam
1376 2391 1540 2456 lectionem
1570 2394 1723 2476 suspicari
1752 2394 1853 2477 magle
1881 2414 1976 2477 quam
2004 2414 2061 2479 pro

145 2507 227 2563 certo
253 2501 333 2564 scire
360 2502 526 2584 possimus.
573 2498 683 2564 XXIV
708 2501 779 2581 11,6
809 2496 861 2564 έάν
889 2497 941 2584 μὲν
969 2495 1022 2564 οὑν
1051 2497 1109 2566 ὑπὸ
1140 2506 1193 2585 τῆς
1217 2499 1390 2584 συγκλήτου
1414 2497 1536 2582 γένηταί
1563 2521 1606 2576 τις
1635 2497 1837 2585 έπισημασία,
1865 2499 1986 2584 ταχέως
2009 2498 2063 2566 καὶ

144 2605 213 2682 τοὺς
243 2605 497 2692 πολιτευομένους
530 2606 718 2690 μεταθέσθαι
751 2607 832 2692 πρὸς
862 2607 920 2691 τήν
945 2599 1098 2672 Ῥωνσίων
1130 2607 1243 2691 αἵρεσιν
1275 2603 1328 2672 καὶ
1356 2606 1427 2684 τοὺς
1462 2606 1599 2684 πολλοὺς
1632 2608 1751 2685 τούτοις
1784 2606 2061 2695 έπαιιολουθήσειν.

146 2712 224 2777 Cum
254 2733 316 2778 uon
347 2716 453 2779 miuus
482 2715 581 2778 futuri
611 2717 760 2799 temporis
789 2716 830 2778 sit
857 2713 1047 2800 ’μεταθέσθαι
1078 2733 1173 2798 quam
1201 2716 1371 2798 insequens
1399 2712 1671 2798 dominatricem,
1704 2714 1873 2797 Polybium
1901 2719 2063 2801 scripsisse

146 2827 240 2901 puto:
271 2820 389 2904 ταχέως
420 2819 455 2884 ἀν
487 2819 674 2904 μεταθέσθαι
687 2824 721 2903 ¹).
766 2820 898 2886 XXVII
923 2823 993 2902 16,2
1024 2820 1202 2904 νομίζοντες,
1233 2816 1259 2885 εἰ
1288 2823 1458 2905 παραδοῖεν
1488 2820 1540 2886 τὸν
1564 2817 1665 2886 Αὑλον
1692 2831 1735 2907 τῷ
1765 2825 1886 2907 Περσεῖ,
1917 2823 2061 2909 μεγίστην

144 2924 199 3009 μὲν
229 2925 325 2991 πίστιν
357 2926 632 3011 προςενέγιιασθαι.
678 2927 796 2992 Nabcri
827 2930 1005 2992 coniectura
1036 2929 1112 2992 mihi
1142 2928 1301 3012 probatur,
1332 2949 1395 3012 qua
1423 2927 1563 3015 μεγίστην
1594 2927 1646 3012 μὲν
1675 2929 1711 2996 ἀν
1736 2931 1969 2996 rescribendum
1994 2951 2062 2996 esse

144 3035 274 3098 censuit.

202 3197 205 3204 ι
249 3159 332 3222 Aliis
362 3159 439 3222 locis
469 3160 565 3223 futuri
598 3160 773 3224 infinitivus
804 3179 844 3223 ex
873 3159 979 3224 verbis
1010 3160 1144 3240 volendi,
1175 3161 1311 3244 petendi,
1341 3162 1499 3225 statuendi
1526 3171 1582 3226 cet
1611 3169 1702 3246 optus
1733 3163 1810 3227 falso
1840 3164 1871 3226 in
1902 3164 2063 3230 codicibus

142 3265 285 3329 traditur.
344 3265 472 3351 Ubique
505 3276 608 3331 autom
645 3267 762 3332 formas
796 3269 992 3331 conversioni
1034 3274 1280 3352 peropportunus
1314 3267 1474 3332 erroribus
1507 3269 1611 3334 locum
1651 3269 1761 3335 fecisse
1794 3271 1929 3352 videbis,
1968 3280 2063 3357 atque

141 3371 312 3455 legitimam
339 3375 487 3438 craticule
510 3382 699 3438 strucbuam
727 3373 898 3456 revocabis,
928 3376 953 3437 si
983 3374 1160 3438 leuIssimas
1190 3377 1443 3439 termInotionum
1475 3379 1663 3442 mutilationes
1689 3376 1860 3443 admiseris
1906 3378 2062 3462 Exempla

143 3478 220 3542 baec
242 3487 334 3543 suut:

249 3603 363 3678 1103
387 3601 415 3670 οἱ
441 3603 476 3672 δὲ
502 3605 581 3690 πρὸς
597 3599 766 3689 Ῥωμαίους
794 3604 981 3690 ἐπρέσβευον
1007 3659 1014 3674 .
1039 3657 1047 3673 .
1073 3656 1081 3672 .
1107 3607 1244 3692 δεόμενοι
1272 3606 1449 3692 βοηθήσειν.
1495 3607 1628 3689 Polybio
1658 3607 1755 3672 reddo
1784 3612 1936 3696 βοηθήσοι
1962 3612 2062 3675 invito

146 3707 320 3775 Hullsohio.
367 3711 398 3776 II
422 3713 473 3793 4,2
502 3712 606 3786 ἔδοξεν
635 3709 688 3780 οὑν
718 3710 820 3790 αὑτοῖς
846 3715 952 3800 κοινήν
981 3716 1120 3801 ποιήσειν
1148 3715 1205 3800 τήν
1234 3713 1410 3800 ἐπιγραφήν.
1457 3713 1641 3780 Diodorfius
1670 3722 1753 3781 recte
1781 3719 1904 3802 scripsit
1926 3727 2060 3805 ποιῆσαι.

143 3815 194 3880 III
218 3819 289 3898 2θ,9
312 3815 348 3904 ήν
377 3817 558 3904 ἀμφοτέρων
586 3820 621 3887 τὸ
646 3819 773 3905 συνέχον
802 3829 855 3910 τής
886 3819 1012 3903 ἑννοίας,
1040 3829 1093 3908 τῆς
1121 3820 1151 3886 έν
1179 3829 1244 3898 ταῖς
1273 3823 1447 3909 συνθήκαις,
1475 3832 1537 3890 τῶν
1564 3821 1618 3908 μὲν
1648 3823 1850 3909 ὑπαρχόντων
1879 3822 2061 3909 ἀμφοτέροις

143 3923 214 3989 τότε
237 3922 400 4010 συμμάχων
424 3925 592 4012 ἀφέξεσθαι
611 3925 663 3994 καί
686 3925 769 3993 ιιατά
791 3927 907 4014 μηδένα
928 3929 1046 4012 τρόπον
1069 3929 1140 4006 τοὺς
1164 3928 1286 4013 ἑτέρους
1309 3926 1398 4014 παρὰ
1418 3939 1481 3996 τῶν
1505 3931 1617 4017 ἑτέρων
1636 3931 1836 4005 έπιόέξασθαί
1854 3955 1945 4011 τινας.
1980 3933 2061 3999 (lum

143 4031 184 4095 de
207 4051 244 4096 eo
266 4052 368 4098 sermo
391 4036 432 4099 sit
456 4036 540 4119 quod
564 4055 605 4101 ex
627 4037 780 4120 pactionis
806 4035 1043 4101 condicionibus
1070 4037 1137 4101 fieri
1161 4036 1281 4120 debeat,
1310 4035 1479 4122 ἀφέξεσθαι
1501 4041 1628 4105 retineri
1650 4061 1714 4105 nou
1738 4048 1858 4124 potest3
1887 4037 2063 4124 ἀπέχεσθαι

144 4140 177 4202 io
199 4139 260 4204 loci
283 4143 470 4206 sententiam
495 4143 634 4226 quadrat
668 4143 716 4208 IV
739 4144 813 4226 4t,3
836 4137 1021 4228 ἐπρέσβευον
1047 4198 1054 4212 .
1079 4194 1087 4212 .
1113 4194 1122 4212 .
1146 4141 1296 4222 ἀξιοῦντες
1318 4145 1510 4212 καταλύσειν.
1551 4146 1670 4212 Verum
1692 4153 1758 4214 est:
1780 4148 1953 4230 καταλύειν,
1977 4149 2062 4234 quod

147 4243 281 4310 Ursinus
304 4250 367 4312 iam
390 4250 530 4313 coniecit.
577 4247 608 4311 V
633 4248 729 4333 104‚3
750 4248 818 4314 κατ’
842 4246 955 4316 οὑδένα
980 4248 1099 4332 τρόπον
1128 4245 1208 4326 εἰκός
1232 4250 1294 4316 ἐστι
1321 4253 1390 4329 τοὺς
1412 4255 1624 4340 κρατήσαντας
1648 4250 1695 4320 tat
1724 4264 1789 4333 ταῖς
1807 4249 1988 4321 Ἰταλιωτῶν
2011 4253 2062 4322 καὶ

145 4353 177 4418 Σ.
200 4362 296 4434 μεῖναι
319 4355 517 4437 δυναστείαις,
539 4356 619 4442 ήξειν
644 4356 680 4422 δέ
701 4353 752 4423 ιιαί
776 4357 926 4425 διατείνειν
950 4353 1004 4433 τὰς
1028 4353 1179 4441 ἐπιβολάς.
1218 4357 1360 4424 Verbum
1384 4355 1468 4438 εἰειός
1492 4360 1570 4427 ἐστιν
1594 4381 1683 4426 suam
1707 4361 1821 4427 habere
1841 4364 1942 4448 legem
1966 4369 2061 4448 atque

145 4461 178 4522 in
209 4463 362 4526 sententia
391 4463 549 4546 pendente
578 4464 721 4528 futurum
752 4485 882 4549 prorsus
911 4465 1070 4549 aspernari
1101 4464 1279 4550 Madvigius
1294 4471 1317 4548 ²)
1347 4466 1535 4532 firmissimis
1565 4470 1668 4532 causis
1698 4469 1931 4554 comprobavit3
1962 4473 2062 4556 liquet

145 4749 151 4754 -
162 4749 358 4757 ——---..--

255 4889 273 4954 η
296 4887 387 4941 Malim
408 4887 525 4942 senuero
548 4871 667 4956 ταχέως
696 4871 733 4938 ἀν
758 4923 764 4936 .
789 4921 796 4936 .
819 4923 826 4937 .
850 4873 1036 4956 μεταθέσθαι
1060 4905 1140 4960 quan
1164 4873 1282 4958 ταχέως
1307 4922 1314 4939 .
1339 4924 1347 4940 .
1372 4923 1380 4941 .
1403 4876 1646 4962 μεταθήσεσθαι,
1677 4893 1747 4963 quod
1771 4893 1910 4950 uoluens
1938 4895 2060 4964 comem,

145 4975 289 5030 observata
306 4975 411 5046 Polybii
430 4978 625 5032 cousuetudine
648 4963 687 5028 ἄν
710 4977 868 5046 particulam
888 4983 948 5046 post
970 4959 1059 5048 τάχα,
1083 4961 1213 5047 ταχέως,
1236 4956 1351 5048 ῥαδίως
1374 4983 1424 5034 oet.
1449 4980 1606 5049 saepiseIme
1628 4981 1778 5046 inserentis,
1805 4988 1959 5054 comparato
1979 4985 2060 5040 etism

145 5065 198 5118 hoc
216 5064 283 5133 Ioco,
308 5065 354 5119 nbi
373 5067 466 5120 eodem
490 5067 569 5121 modo
592 5067 683 5122 acuisti
708 5067 856 5121 infinitivus
875 5083 937 5120 oum
961 5050 999 5116 Iol
1023 5073 1103 5137 atquc
1130 5069 1212 5123 lutun'
1230 5069 1379 5123 infinitivus
1399 5070 1613 5141 coniunguntur:
1638 5069 1679 5125 IX
1697 5073 1739 5140 lp
1759 5087 1799 5142 sq.
1824 5055 1960 5144 ὑπέλαβε
1985 5105 1994 5124 .
2018 5105 2026 5122 .
2051 5107 2060 5126 .

144 5153 221 5232 ἴσως
243 5154 298 5240 μέν
322 5155 360 5220 ἀν
383 5152 436 5221 καί
458 5153 529 5242 περί
551 5157 610 5241 τήν
634 5157 724 5223 πόλιν
749 5155 924 5223 ἀνύσασθσί
946 5181 972 5223 τι
996 5205 1004 5223 .
1029 5209 1038 5227 .
1059 5207 1083 5240 .,
1105 5161 1175 5236 τοὺς
1198 5182 1232 5242 γε
1255 5156 1325 5243 περὶ
1347 5161 1401 5228 τόν
1416 5151 1551 5229 Ἄππιον
1576 5159 1755 5246 ἀναγκάσειν
1778 5163 1845 5229 ιιτλ.

254 5263 274 5331 ¹)
298 5262 366 5316 udo.
386 5265 443 5316 crit.
462 5263 476 5317 Ι
495 5280 521 5332 p.
541 5264 600 5317 177.
