4480 5666
405 1044 607 1183 Aliquot
644 1045 818 1161 aoristi
854 1053 903 1160 et
939 1045 1100 1160 futuri
1136 1045 1376 1163 infinitivi
1411 1047 1535 1162 falso
1572 1046 1626 1160 in
1662 1047 1857 1187 Polybii

897 1223 1145 1339 codicibus
1180 1223 1366 1338 traditi.

281 1653 376 1718 Nudo
407 1657 511 1718 coristi
542 1653 695 1718 infinitivo
726 1654 880 1738 pendente
910 1674 951 1718 ex
981 1653 1085 1719 verbis
1116 1654 1239 1719 dicendi
1271 1663 1326 1720 aut
1355 1655 1486 1740 putandi
1516 1677 1680 1740 nunquam
1711 1675 1776 1720 rem
1811 1655 1908 1720 futuri
1938 1659 2088 1740 temporis

175 1761 344 1845 significari
360 1763 380 1840 ¹)
404 1762 464 1824 riri
488 1761 570 1825 docti
587 1762 610 1844 ²)
638 1761 730 1824 toties
752 1762 815 1824 iarn
836 1764 1029 1844 argumentis
1060 1763 1138 1826 nihil
1161 1762 1249 1826 dubii
1271 1763 1522 1846 relinquentibus
1544 1763 1720 1827 docuerunt
1747 1764 1963 1847 exemplisque
1985 1763 2091 1828 firma-

175 1876 297 1950 verunt,
334 1876 367 1932 ut
398 1868 510 1934 inutile
544 1867 643 1932 videri
677 1871 776 1951 possit
806 1868 910 1932 denuo
940 1867 999 1932 bac
1029 1867 1068 1932 de
1097 1871 1132 1932 re
1162 1869 1328 1953 disputare.
1375 1867 1487 1945 Quid?
1519 1870 1603 1953 quod
1634 1869 1828 1951 Hultschius,
1859 1872 2092 1934 recentissimus

175 1975 300 2057 Polybii
329 1976 530 2040 historiarum
558 1975 666 2058 editor,
696 1977 836 2060 scripsit:
868 1971 1001 2058 ὑπέλαβε
1030 1977 1221 2062 ποιήσασθαι
1248 1976 1293 2056 (II
1321 1978 1407 2058 odo)
1431 2005 1474 2030 =
1502 1976 1632 2060 putabat
1662 1996 1696 2040 se
1726 1976 1882 2041 facturum
1912 1997 1988 2058 esse,
2018 1997 2092 2042 cunr

175 2085 245 2147 aliis
278 2083 363 2164 locis,
398 2082 453 2148 ubi
487 2083 683 2146 meliores
713 2082 836 2146 codices
871 2084 976 2146 aoristi
1011 2082 1181 2146 infinitiros
1216 2082 1394 2162 defendunt,
1430 2079 1622 2167 ὑπελάμβανε
1656 2079 1875 2166 ἐνεργάσεσθαι
1907 2083 1966 2162 (ΙΠ
1997 2085 2090 2166 ito),

176 2190 380 2273 ὑπολαβόντες
403 2189 591 2274 ποιήσεσθαι
613 2189 671 2267 (IV
697 2190 782 2271 10,8)
805 2193 888 2252 recte
916 2189 1083 2254 emendare
1110 2209 1173 2254 non
1202 2189 1384 2254 dubitaret?
1430 2188 1554 2272 Polybii
1583 2192 1679 2274 igitur
1706 2191 1800 2254 huius
1827 2191 1913 2255 modi
1936 2193 2093 2274 exempla,

176 2317 257 2381 quae
279 2298 341 2362 illis
365 2296 523 2361 erroribus
546 2297 755 2381 propagandis
778 2295 890 2360 idonea
913 2315 981 2360 esse
1002 2299 1130 2380 possint,
1154 2317 1340 2381 componam
1363 2303 1457 2380 atque
1482 2317 1563 2380 quae
1586 2317 1677 2362 verae
1700 2300 1848 2362 lectiones
1872 2301 1934 2362 sint
1959 2300 2094 2382 singulis

174 2405 251 2470 locis
274 2404 399 2468 docebo.

283 2529 430 2611 [egimus
460 2531 544 2593 enim
574 2529 591 2592 I
621 2531 694 2610 23,9
723 2527 850 2612 ἤλπιζον
882 2527 1078 2612 ποιήσασθαι
1108 2524 1162 2604 τὰς
1194 2525 1334 2610 ἐμβολαῖς,
1366 2527 1421 2591 ubi
1451 2527 1641 2612 ποιήσεσθαι
1672 2530 1899 2592 restituendum
1930 2549 1998 2594 esse
2028 2537 2092 2592 taur

174 2639 376 2702 manifestum
399 2643 454 2718 est,
477 2643 514 2700 nt
535 2635 680 2719 equidem
705 2655 768 2699 non
791 2635 979 2720 intellegam,
1002 2655 1059 2699 cur
1081 2633 1161 2698 hanc
1184 2635 1348 2699 lectionem
1372 2655 1390 2698 a
1414 2634 1538 2699 Nubere
1549 2639 1573 2718 3)
1599 2639 1660 2699 ianr
1683 2638 1872 2720 propositam
1895 2636 2092 2714 Hnltschius,

174 2748 231 2830 qui
261 2746 350 2808 illum
380 2747 412 2807 in
444 2742 696 2807 adnotationibus
725 2741 841 2822 laudat,
871 2761 935 2806 non
964 2743 1123 2825 receperit.
1155 2777 1194 2788 -
1226 2740 1327 2805 Simili
1359 2741 1452 2804 modo
1481 2741 1532 2806 111
1562 2744 1634 2824 15,3
1666 2761 1723 2825 pro
1751 2741 1876 2826 ἤλπιζον
1907 2742 2092 2828 χρήσασθαι

174 2852 342 2937 legendum
370 2857 417 2916 est
444 2850 474 2934 ή.
501 2849 688 2934 χρήσεσθαι,
714 2847 763 2912 ΠΙ
791 2849 864 2930 61,5
893 2867 950 2931 pro
982 2847 1182 2931 ἐπιβαλέσθαι
1211 2845 1323 2931 ἤλπισε
1351 2847 1605 2912 substituendum
1633 2848 1844 2932 ἐπιβαλεῖσθαι
1871 2849 1901 2932 ή.
1920 2855 1954 2932 ⁴),
1984 2849 2012 2911 V
2040 2851 2091 2920 so
2212 2885 2213 2930 3

174 2961 285 3024 eodem
314 2959 407 3022 modo
434 2978 491 3042 pro
520 2953 667 3040 ὑπάρχειν
697 2952 840 3040 ὑπάρξειν
854 2959 887 3038 ⁴),
915 2955 944 3016 V
969 2958 1041 3038 293
1071 2977 1127 3039 pro
1150 2954 1333 3038 χρήσασθαι
1363 2957 1537 3040 χρήσεσθαι
1549 2959 1574 3038 ⁴)
1597 2955 1730 3038 Polybio
1758 2957 1953 3020 reddendum
1977 2964 2032 3038 est,
2062 2964 2092 3019 et

174 3067 305 3132 XXXII
323 3069 372 3148 9,2
398 3087 470 3130 curn
486 3065 645 3144 Nabero³)
665 3062 909 3147 προὺπεσχάμήν
933 3059 990 3146 γὰρ
1015 3062 1233 3147 θιηγήσεσθαι,
1257 3065 1401 3146 quamvis
1425 3062 1639 3147 διηγήσασθαι
1657 3063 1696 3126 ab
1712 3063 1878 3128 Hultschio
1898 3063 2082 3130 defendatur.

173 3177 344 3259 genuinam
372 3193 440 3238 esso
467 3174 630 3236 lectionem
659 3171 821 3234 contendo.
847 3169 1032 3233 —Eadem
1059 3170 1122 3233 leni
1150 3171 1322 3235 mutatione
1350 3189 1460 3234 verum
1487 3172 1632 3234 restitues
1655 3171 1670 3233 Ι
1696 3171 1800 3252 79,12,
1831 3190 1893 3255 quo
1921 3171 1989 3234 loco
2016 3171 2086 3232 haec

175 3282 271 3346 rerba
294 3283 460 3364 leguntur:
491 3284 543 3360 (sc.
567 3279 683 3361 ἔλεγον)
707 3275 802 3344 αὑτὸν
831 3285 929 3342 ταῦτα
954 3269 1208 3361 βεβουλεῦσθαι.
1234 3324 1242 3340 .
1267 3327 1275 3343 .
1300 3276 1380 3360 πρὸς
1403 3275 1448 3350 τά,
1476 3276 1519 3374 μή
1544 3299 1638 3358 τινας,
1670 3274 1751 3342 ἁλλὰ
1779 3274 1898 3354 πάντας
1927 3277 2005 3362 ήμᾶς
2029 3276 2091 3360 ἅμα

175 3389 414 3474 τιμωρήσασθαι
441 3387 661 3462 πιστεύσαντες
690 3383 784 3469 αὐτῷ.
831 3383 904 3448 Loci
931 3385 1083 3448 sententia
1111 3383 1343 3468 τιμωρήσεσθαι
1371 3384 1555 3467 postulatur,
1587 3404 1660 3448 cum
1688 3384 1728 3447 de
1754 3405 1788 3448 re
1818 3385 1916 3448 futuri
1944 3386 2093 3468 temporis

176 3517 277 3560 sermo
301 3497 348 3560 sit.
372 3530 416 3541 —
439 3493 518 3558 Cum
541 3495 600 3557 hoc
623 3493 767 3576 exemplo
791 3492 897 3555 confer
919 3491 949 3554 X
974 3493 1068 3572 34,3:
1102 3488 1240 3575 ἀρχηγὸς
1268 3489 1428 3575 ἐβουλήθη
1452 3490 1596 3572 γενέσθαι
1623 3499 1676 3576 τῆς
1705 3489 1799 3578 αὐτῆς
1828 3489 1931 3577 ὁρμῆς,
1960 3488 2094 3575 μάλιστα
2212 3543 2213 3552 ,

176 3601 379 3687 πεπεισμένος
402 3599 499 3677 οὕτως
522 3601 581 3685 τήν
605 3609 738 3684 γυναῖκα
761 3595 816 3662 καὶ
838 3594 876 3662 τὰ
898 3597 994 3662 τέκνα
1017 3601 1191 3682 κομιεῖσθαι
1214 3593 1269 3662 καὶ
1293 3598 1380 3670 θόεαι
1404 3597 1480 3680 κτλ,
1503 3597 1557 3661 ubi
1580 3601 1642 3661 iam
1660 3598 1974 3682 Schweighaeuserns
1994 3598 2093 3670 θάΕειν

175 3715 259 3774 recte
286 3712 403 3794 recepit
416 3711 449 3792 ⁵).
475 3745 515 3756 -
538 3708 651 3772 Tribus
681 3708 758 3771 locis
787 3725 844 3791 pro
874 3705 1028 3769 infinitivo
1060 3707 1174 3786 aoristi,
1206 3708 1260 3788 qui
1292 3711 1338 3768 est
1367 3707 1399 3768 in
1430 3705 1599 3786 codicibus,
1629 3705 1804 3768 infinitivus
1834 3705 1932 3769 futuri
1960 3705 2096 3769 verbum

176 3813 404 3900 ὑπολαμβάνειν
429 3819 518 3900 sequi
542 3814 643 3898 debet,
666 3835 738 3878 curn
762 3812 882 3896 aliquid
904 3812 1047 3876 futurum
1071 3831 1138 3875 esse
1161 3814 1296 3895 suspicio
1319 3814 1367 3875 sit.
1402 3809 1584 3895 legendnm
1601 3813 1697 3892 igitur
1716 3819 1783 3876 est:
1807 3811 1839 3875 II
1858 3813 1930 3894 64,5
1955 3811 2097 3894 ὑπέλαβε

176 3923 377 4009 ποιήσεσθαι,
410 3922 459 3986 ΠΙ
493 3923 564 4003 17,7
601 3917 799 4004 ὑπελάμβανε
929 3915 1150 4003 ἐνεργάσεαθαι
1181 3969 1187 3981 .
1213 3968 1220 3983 .
1246 3970 1252 3983 .
1284 3918 1548 4003 προκαλέσεσθαι,
1582 3917 1629 3980 IV
1665 3920 1737 4000 10,8
1773 3917 1985 4003 ὑπολαβόντες
2017 3973 2023 3986 .
2050 3973 2057 3986 .
2088 3975 2095 3986 .
2212 3911 2213 3916 “

178 4229 387 4237 ...——.

285 4387 304 4452 ¹)
332 4384 494 4454 Magnopere
518 4383 662 4437 dolendum
686 4387 728 4436 est
751 4383 821 4451 quod
847 4397 933 4450 usque
959 4381 992 4434 ad
1017 4381 1090 4434 hunc
1117 4381 1187 4434 diem
1213 4397 1245 4434 ea
1267 4381 1391 4448 exempla
1414 4381 1441 4432 in
1467 4380 1604 4433 Kuehuori
1623 4381 1649 4446 (β
1668 4381 1758 4446 θθθβ)
1784 4385 1811 4434 et
1834 4381 1966 4452 Kruegeri
1986 4385 2011 4450 (ξ
2031 4385 2097 4436 oiddi

176 4476 236 4528 adn.
257 4475 284 4540 θ)
309 4475 491 4544 grammaticis
517 4473 673 4534 afferuntur,
700 4472 798 4542 quibus
824 4471 973 4525 ostendisse
997 4469 1037 4523 illi
1054 4469 1106 4522 viri
1125 4470 1198 4523 docti
1221 4470 1271 4523 sihi
1290 4470 1459 4536 ridebantur,
1484 4469 1575 4522 aoristi
1600 4471 1762 4522 infinitivum
1787 4486 1833 4538 pro
1860 4471 1942 4524 futuri
1961 4471 2097 4526 infinitivo

178 4565 238 4633 poni
257 4566 305 4617 aut
322 4565 395 4617 recte
415 4563 468 4616 dici
485 4579 564 4632 posse
584 4545 717 4630 δύναμαι
740 4545 866 4620 πείσειν,
892 4543 998 4627 δέομαι
1021 4543 1150 4627 πέμψειν
1173 4562 1222 4612 oet.
1261 4559 1429 4627 Quamquam
1454 4559 1525 4612 euim
1544 4560 1577 4612 ad
1597 4576 1679 4612 unum
1701 4559 1789 4612 omnia
1809 4559 1877 4612 salsa
1896 4563 1967 4626 sunt,
1992 4565 2095 4623 tamen,

176 4669 231 4722 qua
248 4655 312 4706 sunt
330 4653 488 4706 auctoritate
507 4651 546 4705 illi
564 4652 617 4704 viri
635 4651 714 4718 docti,
735 4667 926 4719 saepenumero
945 4651 981 4704 ad
1000 4649 1168 4702 defendenda
1186 4649 1280 4701 eadem
1299 4648 1365 4701 sitia
1384 4651 1550 4716 promuntur.

284 4743 305 4810 Ι)
331 4741 458 4811 Inprimis
477 4739 631 4810 Madrigius
651 4741 722 4810 (adv.
742 4741 800 4794 crit.
820 4741 834 4793 Ι
852 4757 877 4808 p.
899 4742 950 4794 155
970 4739 1039 4808 sqq.)
1058 4741 1085 4792 et
1103 4737 1223 4792 Stnblius
1240 4740 1354 4806 (quaest.
1374 4753 1485 4806 gramm.
1505 4739 1539 4790 od
1557 4738 1742 4806 Thucydidem
1762 4738 1925 4806 pertinentes
1943 4755 1968 4806 p.
1989 4739 2001 4790 l
2023 4752 2096 4806 sqq.)

176 4831 378 4885 accuratissime
397 4831 424 4884 in
444 4829 514 4884 hanc
533 4846 588 4883 rem
608 4830 813 4898 inquisiverunt.

284 4922 304 4988 ³)
329 4920 505 4988 Mnemosyne
524 4919 569 4972 vol
587 4919 634 4986 VI,
653 4919 739 4989 Lngd.
759 4917 817 4972 Bat.
839 4917 916 4972 1857.

283 5011 304 5078 ⁴)
327 5009 407 5064 Hunc
426 5009 516 5063 locum
535 5007 689 5062 Dindorfius
708 5009 801 5076 (prael.
822 5007 863 5061 ed.
883 5006 939 5062 Pol.
959 5023 984 5075 p.
1004 5005 1104 5072 XLIX)
1124 5006 1320 5058 emendandum
1341 5007 1426 5067 effert,
1451 5021 1516 5058 uera
1533 5003 1639 5072 Polybii
1659 5004 1741 5057 rerba
1759 5005 1785 5056 in
1805 5005 1947 5059 editionem
1975 5006 2097 5074 recipere

177 5117 230 5154 non
247 5115 338 5154 ausus.

284 5191 306 5257 a)
332 5188 493 5243 Hultschins
512 5190 600 5243 lacere
619 5204 672 5242 nou
690 5191 779 5258 potest
797 5187 861 5256 quin
884 5187 954 5241 hanc
980 5187 1193 5240 emendationem
1212 5185 1345 5252 defendat,
1371 5185 1480 5239 diceus:
1504 5184 1703 5250 „corriecturaur
1727 5199 1819 5236 reraru
1842 5200 1902 5236 esse
1928 5184 2096 5236 demonstrat

178 5281 267 5335 hiatus
286 5278 443 5349 expulsns'',
463 5278 540 5348 quasi
559 5277 618 5331 aliis
637 5277 784 5331 rationibus
804 5277 887 5330 luturi
906 5276 1055 5329 infinitivus
1075 5291 1127 5328 nou
1147 5274 1304 5343 postuletur.
