4480 5666
214 1525 605 1673 Quaestiones
641 1525 1072 1698 grammaticae
1110 1526 1186 1659 ad
1222 1524 1542 1700 Polybium
1579 1523 1973 1696 pertinentes:

474 1848 514 1960 a)
547 1855 599 1930 de
630 1849 796 1957 Polybii
829 1851 1054 1932 sententiis
1086 1851 1295 1950 finalibus,

472 2044 514 2156 lo)
547 2045 709 2150 aliquot
740 2046 885 2128 aoristi
918 2054 962 2128 et
993 2046 1121 2128 futuri
1153 2046 1354 2127 infinitivi
1386 1991 1491 2126 falso
1523 2046 1570 2127 in
1601 2045 1765 2152 Polybii

548 2159 762 2290 codicibus
794 2207 950 2290 traditi.

235 3019 348 3150 Leges
370 3067 591 3149 grammaticae
611 3065 756 3146 Graecae,
779 3086 858 3150 quas
882 3064 1009 3149 quidem
1032 3067 1199 3148 scriptores
1221 3063 1295 3128 inde
1318 3064 1357 3128 ab
1381 3063 1519 3129 Homero
1543 3083 1645 3148 usque
1668 3064 1708 3128 ad
1731 3064 1907 3128 Alexandri
1937 3067 2046 3153 Magni

128 3179 270 3256 tempora
292 3171 462 3237 servandas
485 3171 545 3235 sibi
567 3178 808 3256 proposuerunt,
831 3173 889 3236 bac
912 3177 1010 3236 aetate
1033 3191 1096 3235 non
1119 3171 1222 3235 solum
1246 3171 1379 3255 singulis
1403 3170 1718 3236 commentationibus
1747 3170 1894 3236 subtilius
1917 3175 2047 3240 inresti-

127 3285 218 3362 gatae
246 3280 302 3344 sed
331 3280 425 3344 etiam
456 3278 575 3343 artibus
604 3281 759 3342 coutinuis
783 3282 907 3363 copiose
934 3285 1081 3346 tractatae
1103 3285 1185 3342 sunt.
1231 3277 1343 3362 Neque
1373 3285 1421 3342 eet
1448 3277 1580 3342 dubium
1604 3280 1681 3362 quin
1711 3278 1744 3340 id
1767 3297 1868 3342 unum
1882 3265 1988 3344 'restet
2010 3289 2047 3346 ut

129 3389 178 3463 vir
210 3388 368 3470 exquisita
402 3404 508 3450 rerum
541 3386 817 3468 grammaticarum
852 3384 992 3449 doctrina
1023 3383 1222 3467 pereruditus
1253 3386 1419 3468 recognitis
1454 3390 1549 3468 atque
1577 3386 1728 3468 inspectis
1763 3387 1802 3448 iis
1830 3405 1912 3469 quae
1942 3387 2047 3452 adhue

129 3494 275 3578 indagata
309 3497 393 3575 sunt,
426 3492 578 3576 suppletis
613 3510 694 3574 quae
722 3491 829 3555 relicta
864 3491 1030 3556 videantur
1060 3491 1197 3555 Graecae
1229 3493 1450 3576 grammaticae
1481 3493 1678 3576 disciplinam
1707 3491 1876 3575 perfectam
1905 3500 1936 3557 et
1965 3515 2046 3578 quae

130 3601 380 3664 accuratis-artis
402 3597 577 3663 rationibus
600 3600 718 3662 nitatur
740 3601 917 3663 constituat
964 3597 1078 3662 Contra
1100 3600 1308 3682 posteriorum
1331 3603 1507 3681 temporum
1531 3599 1654 3664 dicendi
1677 3619 1772 3662 usum
1795 3599 1919 3684 legibus
1941 3623 2046 3684 gram-

129 3709 251 3771 maticis
274 3705 530 3771 circumscribere
553 3711 648 3788 atque
671 3707 739 3770 eius
763 3705 887 3789 linguae
911 3705 1047 3770 Graecae
1077 3726 1140 3790 qua
1165 3711 1236 3789 post
1258 3703 1434 3769 Alexandri
1457 3705 1563 3788 Magni
1587 3711 1720 3770 aetatem
1742 3706 1913 3771 utebantur
1945 3717 2042 3772 artem

128 3817 363 3897 grammaticam
394 3814 556 3898 paullatim
586 3817 748 3876 exstruere
775 3831 877 3897 usque
911 3813 951 3876 ad
983 3815 1069 3877 hune
1100 3813 1182 3877 diem
1212 3814 1330 3876 nemini
1361 3813 1426 3876 fere
1462 3829 1575 3895 operae
1603 3815 1740 3896 pretium
1771 3814 1904 3898 videtur,
1936 3836 2047 3900 quam-

130 3940 226 4004 quam
272 3923 437 4005 utriusque
484 3920 720 3985 consuetudinis
759 3920 983 4004 discrepantiae
1030 3927 1066 3984 ut
1107 3925 1336 4003 cognoscantur
1374 3922 1480 4003 itaque
1519 3922 1672 3984 sermonis
1708 3922 1756 3984 vis
1798 3926 1892 4005 atque
1932 3929 2045 3988 natura

129 4047 165 4092 eo
200 4029 304 4091 acrius
337 4027 519 4111 dispiciatur
553 4049 572 4092 a
605 4029 817 4112 grammaticis
844 4027 983 4091 maxime
1014 4027 1158 4092 contendi
1186 4026 1287 4091 debet.
1334 4025 1415 4090 Sane
1442 4027 1562 4110 aliquot
1589 4026 1628 4091 de
1655 4027 1713 4090 bac
1743 4046 1778 4091 re
1807 4029 1958 4111 opuscula
1980 4032 2044 4094 iam

129 4137 304 4219 conscripta
328 4139 402 4198 sunt
420 4137 452 4216 ¹,)
475 4154 579 4218 neque
602 4135 689 4199 deest
712 4137 767 4218 qui
791 4136 830 4199 de
852 4133 1134 4220 praepositionibus
1156 4133 1239 4218 apud
1264 4133 1372 4198 decem
1395 4136 1560 4218 scriptores
1580 4133 1715 4199 Graecos
1734 4137 1914 4218 posterioris
1937 4140 2046 4202 aetatis

123 4244 290 4325 usurpatis
313 4247 430 4306 certam
455 4245 529 4306 artis
551 4243 773 4326 grammaticae
795 4244 878 4305 viam
902 4262 939 4306 ae
960 4243 1114 4306 rationem
1132 4246 1220 4306 secut
1221 4261 1259 4305 us
1207 4240 1435 4305 tdisserere
1454 4246 1545 4305 conat
1547 4261 1584 4305 us
1606 4243 1647 4304 sit
1661 4245 1699 4320 2);
1724 4242 1779 4306 sed
1800 4244 1926 4327 propria
1949 4244 2044 4308 huius

129 4351 281 4413 sermonis
312 4353 367 4412 nat
368 4369 425 4412 ura
457 4349 534 4412 adeo
564 4349 666 4412 adbuc
699 4349 881 4412 occultat
852 4355 881 4413 et
915 4351 1004 4432 quusi
1034 4348 1177 4412 involuta
1211 4354 1306 4412 estu
1308 4351 1376 4412 tiu
1399 4348 1559 4432 plerisque
1592 4347 1687 4412 rebus
1709 4351 1896 4414 coniecturis
1921 4355 2043 4414 tantum

127 4457 276 4537 nitamur,
300 4457 429 4518 scientia
453 4475 581 4537 prorsus
605 4475 774 4520 careamus.

234 4561 305 4625 Hae
328 4564 557 4626 commeatione
580 4565 726 4627 mihit
679 4569 726 4628 est
749 4566 782 4626 in
806 4565 910 4626 animo
932 4565 1070 4646 primum
1094 4561 1132 4626 de
1155 4561 1280 4644 Polybii
1305 4563 1436 4626 sentent
1428 4564 1466 4625 ris
1489 4560 1636 4625 finalibus
1659 4507 1826 4645 disputare,
1850 4568 1918 4627 tum
1942 4565 2043 4629 allatis

128 4670 280 4753 exemplis
304 4669 516 4752 comprobare,
539 4689 608 4734 eam
630 4671 731 4755 legem
754 4671 999 4755 grammaticam,
1024 4689 1085 4754 qua
1107 4689 1211 4753 neque
1237 4669 1391 4733 infinitivo
1419 4670 1525 4734 aoristi
1548 4667 1703 4752 pendente
1726 4688 1767 4733 ex
1790 4669 1894 4734 verbis
1919 4671 2042 4735 dicendi

130 4777 178 4839 vel
199 4776 332 4860 putandi
354 4795 422 4841 rem
445 4777 544 4842 futuri
567 4780 715 4861 temporis
738 4777 906 4862 significari
928 4795 1032 4860 neque
1054 4776 1246 4840 infinitivum
1261 4777 1368 4841 futuri
1396 4776 1493 4841 verba
1515 4775 1641 4839 volendi
1671 4779 1760 4860 sequi
1788 4797 1879 4861 posse
1902 4784 2042 4862 negatur,

129 4885 222 4946 etiam
245 4903 263 4946 a
287 4882 421 4966 Polybio
445 4886 677 4948 accuratissime
701 4884 897 4948 observatam
920 4903 995 4948 esse.

128 5098 134 5103 ·
162 5098 340 5108 ———-

237 5201 256 5269 ¹)
285 5203 322 5257 Ct.
342 5203 478 5271 Huebuer‚
497 5204 642 5258 Grundriss
662 5219 695 5256 zu
713 5202 818 5258 Vorlea
838 5203 906 5256 iiber
924 5203 966 5258 die
985 5203 1085 5274 griech.
1105 5202 1217 5271 Syntux.
1255 5202 1346 5256 Berlin
1366 5203 1443 5258 1883.

233 5293 255 5358 2)
282 5291 327 5346 Dr.
347 5292 432 5348 Franz
450 5293 546 5362 Kreba,
566 5293 615 5348 Dic
634 5292 960 5362 Prt'positiousudrerbien
977 5295 1005 5348 in
1025 5295 1072 5348 der
1090 5295 1196 5362 sptiteru
1216 5292 1397 5348 historischen
1417 5293 1541 5348 cruciat.
1578 5291 1693 5346 2Tcilc.
1730 5291 1868 5348 Miiuchcu
1885 5291 2037 5347 ress-85.
